@inproceedings{he2016deep,
  title={Deep residual learning for image recognition},
  author={He, Kaiming and Zhang, Xiangyu and Ren, Shaoqing and Sun, Jian},
  booktitle={Proceedings of the IEEE conference on computer vision and pattern recognition},
  pages={770--778},
  year={2016}
}

@article{cheng2014competitive,
  title={A competitive swarm optimizer for large scale optimization},
  author={Cheng, Ran and Jin, Yaochu},
  journal={IEEE Transactions on Cybernetics},
  volume={45},
  number={2},
  pages={191--204},
  year={2014},
  publisher={IEEE}
}

@article{cheng2015social,
  title={A social learning particle swarm optimization algorithm for scalable optimization},
  author={Cheng, Ran and Jin, Yaochu},
  journal={Information Sciences},
  volume={291},
  pages={43--60},
  year={2015},
  publisher={Elsevier}
}

@article{yang2017level,
  title={A level-based learning swarm optimizer for large-scale optimization},
  author={Yang, Qiang and Chen, Wei-Neng and Da Deng, Jeremiah and Li, Yun and Gu, Tianlong and Zhang, Jun},
  journal={IEEE Transactions on Evolutionary Computation},
  volume={22},
  number={4},
  pages={578--594},
  year={2017},
  publisher={IEEE}
}

@inproceedings{gu2001comparison,
  title={A comparison of polynomial based regression models in vehicle safety analysis},
  author={Gu, Lei},
  booktitle={International Design Engineering Technical Conferences and Computers and Information in Engineering Conference},
  volume={80227},
  pages={509--514},
  year={2001},
  organization={American Society of Mechanical Engineers}
}

@article{wang2016data,
  title={Data-driven surrogate-assisted multiobjective evolutionary optimization of a trauma system},
  author={Wang, Handing and Jin, Yaochu and Jansen, Jan O},
  journal={IEEE Transactions on Evolutionary Computation},
  volume={20},
  number={6},
  pages={939--952},
  year={2016},
  publisher={IEEE}
}

@inproceedings{jin2003quality,
  title={Quality measures for approximate models in evolutionary computation},
  author={Jin, Yaochu and H{\"u}sken, Michael and Sendhoff, Bernard and others},
  booktitle={GECCO},
  pages={170--173},
  year={2003},
  organization={Citeseer}
}

@article{chugh2017data,
  title={A data-driven surrogate-assisted evolutionary algorithm applied to a many-objective blast furnace optimization problem},
  author={Chugh, Tinkle and Chakraborti, Nirupam and Sindhya, Karthik and Jin, Yaochu},
  journal={Materials and Manufacturing Processes},
  volume={32},
  number={10},
  pages={1172--1178},
  year={2017},
  publisher={Taylor \& Francis}
}

@inproceedings{guo2016small,
  title={Small data driven evolutionary multi-objective optimization of fused magnesium furnaces},
  author={Guo, Dan and Chai, Tianyou and Ding, Jinliang and Jin, Yaochu},
  booktitle={2016 IEEE Symposium Series on Computational Intelligence (SSCI)},
  pages={1--8},
  year={2016},
  organization={IEEE}
}

@article{wang2018offline,
  title={Offline data-driven evolutionary optimization using selective surrogate ensembles},
  author={Wang, Handing and Jin, Yaochu and Sun, Chaoli and Doherty, John},
  journal={IEEE Transactions on Evolutionary Computation},
  volume={23},
  number={2},
  pages={203--216},
  year={2018},
  publisher={IEEE}
}

@inproceedings{zhou2005study,
  title={A study on polynomial regression and Gaussian process global surrogate model in hierarchical surrogate-assisted evolutionary algorithm},
  author={Zhou, Zongzhao and Ong, Yew Soon and Nguyen, My Hanh and Lim, Dudy},
  booktitle={2005 IEEE Congress on Evolutionary Computation},
  volume={3},
  pages={2832--2839},
  year={2005},
  organization={IEEE}
}

@article{chugh2016surrogate,
  title={A surrogate-assisted reference vector guided evolutionary algorithm for computationally expensive many-objective optimization},
  author={Chugh, Tinkle and Jin, Yaochu and Miettinen, Kaisa and Hakanen, Jussi and Sindhya, Karthik},
  journal={IEEE Transactions on Evolutionary Computation},
  volume={22},
  number={1},
  pages={129--142},
  year={2016},
  publisher={IEEE}
}

@article{jin2002framework,
  title={A framework for evolutionary optimization with approximate fitness functions},
  author={Jin, Yaochu and Olhofer, Markus and Sendhoff, Bernhard},
  journal={IEEE Transactions on Evolutionary Computation},
  volume={6},
  number={5},
  pages={481--494},
  year={2002},
  publisher={IEEE}
}

@article{stanley2002evolving,
  title={Evolving neural networks through augmenting topologies},
  author={Stanley, Kenneth O and Miikkulainen, Risto},
  journal={Evolutionary Computation},
  volume={10},
  number={2},
  pages={99--127},
  year={2002},
  publisher={MIT Press}
}

@article{jian2020large,
  title={Large-scale evolutionary optimization: a survey and experimental comparative study},
  author={Jian, Jun-Rong and Zhan, Zhi-Hui and Zhang, Jun},
  journal={International Journal of Machine Learning and Cybernetics},
  volume={11},
  number={3},
  pages={729--745},
  year={2020},
  publisher={Springer}
}

@article{tian2018multiobjective,
  title={Multiobjective infill criterion driven Gaussian process-assisted particle swarm optimization of high-dimensional expensive problems},
  author={Tian, Jie and Tan, Ying and Zeng, Jianchao and Sun, Chaoli and Jin, Yaochu},
  journal={IEEE Transactions on Evolutionary Computation},
  volume={23},
  number={3},
  pages={459--472},
  year={2018},
  publisher={IEEE}
}

@article{liu2013gaussian,
  title={A Gaussian process surrogate model assisted evolutionary algorithm for medium scale expensive optimization problems},
  author={Liu, Bo and Zhang, Qingfu and Gielen, Georges GE},
  journal={IEEE Transactions on Evolutionary Computation},
  volume={18},
  number={2},
  pages={180--192},
  year={2013},
  publisher={IEEE}
}

@article{wang2017committee,
  title={Committee-based active learning for surrogate-assisted particle swarm optimization of expensive problems},
  author={Wang, Handing and Jin, Yaochu and Doherty, John},
  journal={IEEE Transactions on Cybernetics},
  volume={47},
  number={9},
  pages={2664--2677},
  year={2017},
  publisher={IEEE}
}

@inproceedings{huang2019stochastic,
  title={Stochastic ranking for offline data-driven evolutionary optimization using radial basis function networks with multiple kernels},
  author={Huang, Pengfei and Wang, Handing and Ma, Wenping},
  booktitle={2019 IEEE Symposium Series on Computational Intelligence (SSCI)},
  pages={2050--2057},
  year={2019},
  organization={IEEE}
}

@article{huang2021offline,
  title={Offline data-driven evolutionary optimization based on tri-training},
  author={Huang, Pengfei and Wang, Handing and Jin, Yaochu},
  journal={Swarm and Evolutionary Computation},
  volume={60},
  pages={100800},
  year={2021},
  publisher={Elsevier}
}

@article{li2020boosting,
  title={Boosting data-driven evolutionary algorithm with localized data generation},
  author={Li, Jian-Yu and Zhan, Zhi-Hui and Wang, Chuan and Jin, Hu and Zhang, Jun},
  journal={IEEE Transactions on Evolutionary Computation},
  volume={24},
  number={5},
  pages={923--937},
  year={2020},
  publisher={IEEE}
}

@article{li2020data,
  title={Data-driven evolutionary algorithm with perturbation-based ensemble surrogates},
  author={Li, Jian-Yu and Zhan, Zhi-Hui and Wang, Hua and Zhang, Jun},
  journal={IEEE Transactions on Cybernetics},
  volume={51},
  number={8},
  pages={3925--3937},
  year={2020},
  publisher={IEEE}
}

@inproceedings{guo2020scaling,
  title={Scaling up radial basis function for high-dimensional expensive optimization using random projection},
  author={Guo, Daofu and Ren, Zhigang and Liang, Yongsheng and Chen, An},
  booktitle={2020 IEEE Congress on Evolutionary Computation (CEC)},
  pages={1--8},
  year={2020},
  organization={IEEE}
}

@article{wei2020classifier,
  title={A classifier-assisted level-based learning swarm optimizer for expensive optimization},
  author={Wei, Feng-Feng and Chen, Wei-Neng and Yang, Qiang and Deng, Jeremiah and Luo, Xiao-Nan and Jin, Hu and Zhang, Jun},
  journal={IEEE Transactions on Evolutionary Computation},
  volume={25},
  number={2},
  pages={219--233},
  year={2020},
  publisher={IEEE}
}

@article{zhen2021two,
  title={Two-stage data-driven evolutionary optimization for high-dimensional expensive problems},
  author={Zhen, Huixiang and Gong, Wenyin and Wang, Ling and Ming, Fei and Liao, Zuowen},
  journal={IEEE Transactions on Cybernetics},
  year={2021},
  publisher={IEEE}
}

@article{sun2015two,
  title={A two-layer surrogate-assisted particle swarm optimization algorithm},
  author={Sun, Chaoli and Jin, Yaochu and Zeng, Jianchao and Yu, Yang},
  journal={Soft Computing},
  volume={19},
  number={6},
  pages={1461--1475},
  year={2015},
  publisher={Springer}
}

@article{li2020surrogate,
  title={A surrogate-assisted multiswarm optimization algorithm for high-dimensional computationally expensive problems},
  author={Li, Fan and Cai, Xiwen and Gao, Liang and Shen, Weiming},
  journal={IEEE Transactions on Cybernetics},
  volume={51},
  number={3},
  pages={1390--1402},
  year={2020},
  publisher={IEEE}
}

@article{sun2017surrogate,
  title={Surrogate-assisted cooperative swarm optimization of high-dimensional expensive problems},
  author={Sun, Chaoli and Jin, Yaochu and Cheng, Ran and Ding, Jinliang and Zeng, Jianchao},
  journal={IEEE Transactions on Evolutionary Computation},
  volume={21},
  number={4},
  pages={644--660},
  year={2017},
  publisher={IEEE}
}

@article{liu2022surrogate,
  title={A surrogate-assisted evolutionary feature selection algorithm with parallel random grouping for high-dimensional classification},
  author={Liu, Shulei and Wang, Handing and Peng, Wei and Yao, Wen},
  journal={IEEE Transactions on Evolutionary Computation},
  year={2022},
  publisher={IEEE}
}

@inproceedings{fu2020surrogate,
  title={A surrogate-assisted evolutionary algorithm with random feature selection for large-scale expensive problems},
  author={Fu, Guoxia and Sun, Chaoli and Tan, Ying and Zhang, Guochen and Jin, Yaochu},
  booktitle={International Conference on Parallel Problem Solving from Nature},
  pages={125--139},
  year={2020},
  organization={Springer}
}

@article{sun2018fitness,
  title={A fitness approximation assisted competitive swarm optimizer for large scale expensive optimization problems},
  author={Sun, Chaoli and Ding, Jinliang and Zeng, Jianchao and Jin, Yaochu},
  journal={Memetic Computing},
  volume={10},
  number={2},
  pages={123--134},
  year={2018},
  publisher={Springer}
}

@inproceedings{chandra2011memetic,
  title={A memetic framework for cooperative coevolution of recurrent neural networks},
  author={Chandra, Rohitash and Frean, Marcus and Zhang, Mengjie},
  booktitle={The 2011 International Joint Conference on Neural Networks},
  pages={673--680},
  year={2011},
  organization={IEEE}
}

@article{nguyen2007analysis,
  title={Analysis of CCME: Coevolutionary dynamics, automatic problem decomposition, and regularization},
  author={Nguyen, Minh Ha and Abbass, Hussein A and McKay, Robert I},
  journal={IEEE Transactions on Systems, Man, and Cybernetics, Part C (Applications and Reviews)},
  volume={38},
  number={1},
  pages={100--109},
  year={2007},
  publisher={IEEE}
}

@article{ma2018survey,
  title={A survey on cooperative co-evolutionary algorithms},
  author={Ma, Xiaoliang and Li, Xiaodong and Zhang, Qingfu and Tang, Ke and Liang, Zhengping and Xie, Weixin and Zhu, Zexuan},
  journal={IEEE Transactions on Evolutionary Computation},
  volume={23},
  number={3},
  pages={421--441},
  year={2018},
  publisher={IEEE}
}

@article{jin2018data,
  title={Data-driven evolutionary optimization: An overview and case studies},
  author={Jin, Yaochu and Wang, Handing and Chugh, Tinkle and Guo, Dan and Miettinen, Kaisa},
  journal={IEEE Transactions on Evolutionary Computation},
  volume={23},
  number={3},
  pages={442--458},
  year={2018},
  publisher={IEEE}
}

@article{fleming2002evolutionary,
  title={Evolutionary algorithms in control systems engineering: a survey},
  author={Fleming, Peter J and Purshouse, Robin C},
  journal={Control engineering practice},
  volume={10},
  number={11},
  pages={1223--1241},
  year={2002},
  publisher={Elsevier}
}


@book{dasgupta2013evolutionary,
	author = {Dasgupta, Dipankar and Michalewicz, Zbigniew},
	publisher = {Springer Science \& Business Media},
	title = {Evolutionary algorithms in engineering applications},
	year = {2013}
}

@article{shao2021bipartite,
	author = {Shao, Xianxin and Gong, Yue-Jiao and Zhan, Zhi-Hui and Zhang, Jun},
	journal = {IEEE Transactions on Artificial Intelligence},
	number = {},
	pages = {1--1},
	publisher = {IEEE},
	title = {Bipartite Cooperative Coevolution for Energy-Aware Coverage Path Planning of UAVs},
	volume = {},
	year = {2021}
}

@article{liu2019coordinated,
	author = {Liu, Wei-Li and Gong, Yue-Jiao and Chen, Wei-Neng and Liu, Zhiqin and Wang, Hua and Zhang, Jun},
	journal = {IEEE Transactions on Intelligent Transportation Systems},
	number = {12},
	pages = {5094--5109},
	publisher = {IEEE},
	title = {Coordinated charging scheduling of electric vehicles: A mixed-variable differential evolution approach},
	volume = {21},
	year = {2019}
}

@article{huang2019automatic,
	author = {Huang, Ting and Gong, Yue-Jiao and Zhang, Yu-Hui and Zhan, Zhi-Hui and Zhang, Jun},
	journal = {IEEE Transactions on Intelligent Transportation Systems},
	number = {10},
	pages = {4225--4240},
	publisher = {IEEE},
	title = {Automatic planning of multiple itineraries: A niching genetic evolution approach},
	volume = {21},
	year = {2019}
}

@article{devi2015evolutionary,
	author = {Devi, R Vasundhara and Sathya, S Siva and Coumar, Mohane Selvaraj},
	journal = {Applied Soft Computing},
	pages = {543--552},
	publisher = {Elsevier},
	title = {Evolutionary algorithms for de novo drug design--A survey},
	volume = {27},
	year = {2015}
}

@article{back1993overview,
	author = {B{\"a}ck, Thomas and Schwefel, Hans-Paul},
	journal = {Evolutionary Computation},
	number = {1},
	pages = {1--23},
	publisher = {MIT Press},
	title = {An overview of evolutionary algorithms for parameter optimization},
	volume = {1},
	year = {1993}
}

@inproceedings{farzaneh2019music,
	author = {Farzaneh, Majid and Toroghi, Rahil Mahdian},
	booktitle = {Mediterranean Conference on Pattern Recognition and Artificial Intelligence},
	organization = {Springer},
	pages = {207--217},
	title = {Music generation using an interactive evolutionary algorithm},
	year = {2019}
}

@article{de2019investigating,
  title={Investigating surrogate-assisted cooperative coevolution for large-scale global optimization},
  author={De Falco, Ivanoe and Della Cioppa, Antonio and Trunfio, Giuseppe A},
  journal={Information Sciences},
  volume={482},
  pages={1--26},
  year={2019},
  publisher={Elsevier}
}

@article{omidvar2017dg2,
  title={DG2: A faster and more accurate differential grouping for large-scale black-box optimization},
  author={Omidvar, Mohammad Nabi and Yang, Ming and Mei, Yi and Li, Xiaodong and Yao, Xin},
  journal={IEEE Transactions on Evolutionary Computation},
  volume={21},
  number={6},
  pages={929--942},
  year={2017},
  publisher={IEEE}
}

@article{wu2022ensemble,
  title={An Ensemble Surrogate-Based Coevolutionary Algorithm for Solving Large-Scale Expensive Optimization Problems},
  author={Wu, Xunfeng and Lin, Qiuzhen and Li, Jianqiang and Tan, Kay Chen and Leung, Victor CM},
  journal={IEEE Transactions on Cybernetics},
  year={2022},
  publisher={IEEE}
}

@article{lin2022empirical,
  title={Empirical Study of Data-Driven Evolutionary Algorithms in Noisy Environments},
  author={Lin, Dalue and Huang, Haogan and Li, Xiaoyan and Gong, Yuejiao},
  journal={Mathematics},
  volume={10},
  number={6},
  pages={943},
  year={2022},
  publisher={MDPI}
}

@article{huang2022contrastive,
  title={Contrastive Learning: An Alternative Surrogate for Offline Data-Driven Evolutionary Computation},
  author={Huang, Haogan and Gong, Yuejiao},
  journal={IEEE Transactions on Evolutionary Computation},
  year={2022},
  publisher={IEEE}
}
@article{huang2023offline,
  title   = {Offline Data-Driven Optimization at Scale: A Cooperative Coevolutionary Approach},
  author  = {Gong, Yuejiao and Zhong, Yuanting and Huang, Haogan},
  journal = {IEEE Transactions on Evolutionary Computation},
  year    = {2023},
  volume  = {},
  number  = {},
  pages   = {},
  doi     = {}
}

